<?xml version="1.0" encoding="UTF-8"?><collection xmlns="http://www.loc.gov/MARC21/slim"><record><leader>00432nam--2200133-i-4500</leader><controlfield tag="001">000045872</controlfield><controlfield tag="002">20161230</controlfield><controlfield tag="005">20161230201045</controlfield><controlfield tag="008">060222s1000------------r-----000-0-eng-d</controlfield><datafield ind1=" " ind2=" " tag="080"><subfield code="a">512.831</subfield></datafield><datafield ind1=" " ind2=" " tag="100"><subfield code="a">Varcollier,H</subfield></datafield><datafield ind1=" " ind2=" " tag="245"><subfield code="a">Elements et exemples d`applications du calcul tensoriel et du calcul matriciel, a l`usage des ingenieurs et des physiciens</subfield></datafield><datafield ind1=" " ind2=" " tag="260"><subfield code="a">Paris, Pressws Univ.De France, 1955. Viii+170 P.+fig</subfield></datafield><datafield ind1=" " ind2=" " tag="852"><subfield code="a">11898</subfield></datafield></record></collection>